

@article{yangBatteryEnergyStorage2018,
  author =        {Yang, Yuqing and Bremner, Stephen and Menictas, Chris and
                   Kay, Merlinde},
  journal =       {Renewable and Sustainable Energy Reviews},
  month =         aug,
  pages =         {109--125},
  title =         {Battery Energy Storage System Size Determination in
                   Renewable Energy Systems: {{A}} Review},
  volume =        {91},
  year =          {2018},
  doi =           {10.1016/j.rser.2018.03.047},
}

@article{desiqueiraControlStrategySmooth2021,
  author =        {{de Siqueira}, Luanna Maria Silva and Peng, Wei},
  journal =       {Journal of Energy Storage},
  month =         mar,
  pages =         {102252},
  title =         {Control Strategy to Smooth Wind Power Output Using
                   Battery Energy Storage System: {{A}} Review},
  volume =        {35},
  year =          {2021},
  doi =           {10.1016/j.est.2021.102252},
}

@inproceedings{schwanbeckInternationalSpaceStation2019,
  author =        {Schwanbeck, Eugene and Dalton, Penni},
  booktitle =     {2019 {{European Space Power Conference}} ({{ESPC}})},
  month =         sep,
  pages =         {1--1},
  publisher =     {{IEEE}},
  title =         {International {{Space Station Lithium-ion Batteries}}
                   for {{Primary Electric Power System}}},
  year =          {2019},
  doi =           {10.1109/ESPC.2019.8932009},
}

@article{zhangDevelopmentProspectChinese2021,
  author =        {Zhang, Lihua},
  journal =       {Space: Science \& Technology},
  month =         jan,
  title =         {Development and {{Prospect}} of {{Chinese Lunar Relay
                   Communication Satellite}}},
  volume =        {2021},
  year =          {2021},
  doi =           {10.34133/2021/3471608},
}

@article{choCommercialResearchBattery2015,
  author =        {Cho, Jaephil and Jeong, Sookyung and Kim, Youngsik},
  journal =       {Progress in Energy and Combustion Science},
  month =         jun,
  pages =         {84--101},
  title =         {Commercial and Research Battery Technologies for
                   Electrical Energy Storage Applications},
  volume =        {48},
  year =          {2015},
  doi =           {10.1016/j.pecs.2015.01.002},
}

@article{yangUnbalancedDischargingAging2016,
  author =        {Yang, Naixing and Zhang, Xiongwen and Shang, BinBin and
                   Li, Guojun},
  journal =       {Journal of Power Sources},
  month =         feb,
  pages =         {733--741},
  title =         {Unbalanced Discharging and Aging Due to Temperature
                   Differences among the Cells in a Lithium-Ion Battery
                   Pack with Parallel Combination},
  volume =        {306},
  year =          {2016},
  doi =           {10.1016/j.jpowsour.2015.12.079},
}

@article{fengPropagationMechanismsDiagnosis2019,
  author =        {Feng, Fei and Hu, Xiaosong and Hu, Lin and
                   Hu, Fengling and Li, Yang and Zhang, Lei},
  journal =       {Renewable and Sustainable Energy Reviews},
  month =         sep,
  pages =         {102--113},
  title =         {Propagation Mechanisms and Diagnosis of Parameter
                   Inconsistency within {{Li-Ion}} Battery Packs},
  volume =        {112},
  year =          {2019},
  doi =           {10.1016/j.rser.2019.05.042},
}

@article{jeevarajanBatterySafetyQualifications2012,
  author =        {Jeevarajan, J. A. and Winchester, C.},
  journal =       {Interface magazine},
  month =         jan,
  number =        {2},
  pages =         {51--55},
  publisher =     {{IOP Publishing}},
  title =         {Battery {{Safety Qualifications}} for {{Human
                   Ratings}}},
  volume =        {21},
  year =          {2012},
  doi =           {10.1149/2.F05122if},
}

@article{pomboHybridPowerSystem2021,
  author =        {Pombo, Daniel V{\'a}zquez},
  journal =       {Space: Science \& Technology},
  month =         jan,
  publisher =     {{AAAS}},
  title =         {A {{Hybrid Power System}} for a {{Permanent Colony}}
                   on {{Mars}}},
  volume =        {2021},
  year =          {2021},
  doi =           {10.34133/2021/9820546},
}

@article{hanNextGenerationBatteryManagement2020a,
  author =        {Han, Weiji and Wik, Torsten and Kersten, Anton and
                   Dong, Guangzhong and Zou, Changfu},
  journal =       {IEEE Industrial Electronics Magazine},
  month =         dec,
  number =        {4},
  pages =         {20--31},
  title =         {Next-{{Generation Battery Management Systems}}:
                   {{Dynamic Reconfiguration}}},
  volume =        {14},
  year =          {2020},
  doi =           {10.1109/MIE.2020.3002486},
}

@article{ci2016reconfigurable,
  author =        {Ci, Song and Lin, Ni and Wu, Dalei},
  journal =       {IEEE Access},
  pages =         {1175--1189},
  publisher =     {IEEE},
  title =         {Reconfigurable battery techniques and systems: A
                   survey},
  volume =        {4},
  year =          {2016},
}

@article{bouchhima2018lifetime,
  author =        {Bouchhima, Nejmeddine and Gossen, Matthias and
                   Schulte, Sascha and Birke, Kai Peter},
  journal =       {Journal of Energy Storage},
  pages =         {400--407},
  publisher =     {Elsevier},
  title =         {Lifetime of self-reconfigurable batteries compared
                   with conventional batteries},
  volume =        {15},
  year =          {2018},
}

@inproceedings{ci2007novel,
  author =        {Ci, Song and Zhang, Jiucai and Sharif, Hamid and
                   Alahmad, Mahmoud},
  booktitle =     {IEEE GLOBECOM 2007-IEEE Global Telecommunications
                   Conference},
  organization =  {IEEE},
  pages =         {1043--1047},
  title =         {A novel design of adaptive reconfigurable multicell
                   battery for power-aware embedded networked sensing
                   systems},
  year =          {2007},
}

@inproceedings{9209774,
  author =        {Engelhardt, Jan and Gabderakhmanova, Tatiana and
                   Rohde, Gunnar and Marinelli, Mattia},
  booktitle =     {2020 55th International Universities Power
                   Engineering Conference (UPEC)},
  number =        {},
  pages =         {1-6},
  title =         {Reconfigurable Stationary Battery with Adaptive Cell
                   Switching for Electric Vehicle Fast-Charging},
  volume =        {},
  year =          {2020},
  doi =           {10.1109/UPEC49904.2020.9209774},
}

@article{engelhardt2021double,
  author =        {Engelhardt, Jan and Zepter, Jan Martin and
                   Gabderakhmanova, Tatiana and Rohde, Gunnar and
                   Marinelli, Mattia},
  journal =       {Energies},
  number =        {9},
  pages =         {2414},
  publisher =     {MDPI},
  title =         {Double-string battery system with reconfigurable cell
                   topology operated as a fast charging station for
                   electric vehicles},
  volume =        {14},
  year =          {2021},
}

@inproceedings{visairoReconfigurableBatteryPack2008,
  author =        {Visairo, H. and Kumar, P.},
  booktitle =     {2008 7th {{International Caribbean Conference}} on
                   {{Devices}}, {{Circuits}} and {{Systems}}},
  month =         apr,
  pages =         {1--6},
  publisher =     {{IEEE}},
  title =         {A Reconfigurable Battery Pack for Improving Power
                   Conversion Efficiency in Portable Devices},
  year =          {2008},
  doi =           {10.1109/ICCDCS.2008.4542628},
}

@article{lawsonSoftwareConfigurableBattery2012,
  author =        {Lawson, Barrie},
  journal =       {EVS26 International Battery, Hybrid and Fuel Cell
                   Electric Vehicle Symposium},
  pages =         {252--263},
  title =         {A {{Software Configurable Battery}}},
  year =          {2012},
}

@inproceedings{he2014reconfiguration,
  author =        {He, Liang and Kong, Linghe and Lin, Siyu and
                   Ying, Shaodong and Gu, Yu and He, Tian and Liu, Cong},
  booktitle =     {2014 ACM/IEEE International Conference on
                   Cyber-Physical Systems (ICCPS)},
  organization =  {IEEE},
  pages =         {60--71},
  title =         {Reconfiguration-assisted charging in large-scale
                   lithium-ion battery systems},
  year =          {2014},
}

@inproceedings{kim2009dynamic,
  author =        {Kim, Hahnsang and Shin, Kang G},
  booktitle =     {2009 15th IEEE Real-Time and Embedded Technology and
                   Applications Symposium},
  organization =  {IEEE},
  pages =         {87--96},
  title =         {On dynamic reconfiguration of a large-scale battery
                   system},
  year =          {2009},
}

@inproceedings{hanAnalysisEstimationMaximum2020,
  author =        {Han, Weiji and Kersten, Anton},
  booktitle =     {2020 {{IEEE Transportation Electrification
                   Conference}} \& {{Expo}} ({{ITEC}})},
  month =         jun,
  pages =         {229--234},
  publisher =     {{IEEE}},
  title =         {Analysis and {{Estimation}} of the {{Maximum
                   Circulating Current}} during the {{Parallel
                   Operation}} of {{Reconfigurable Battery Systems}}},
  year =          {2020},
  doi =           {10.1109/ITEC48692.2020.9161478},
}

@article{engelhardtDoubleStringBatterySystem2021,
  author =        {Engelhardt, Jan and Zepter, Jan Martin and
                   Gabderakhmanova, Tatiana and Rohde, Gunnar and
                   Marinelli, Mattia},
  journal =       {Energies},
  number =        {9},
  pages =         {2414},
  publisher =     {{MDPI}},
  title =         {Double-{{String Battery System}} with
                   {{Reconfigurable Cell Topology Operated}} as a {{Fast
                   Charging Station}} for {{Electric Vehicles}}},
  volume =        {14},
  year =          {2021},
  doi =           {10.3390/en14092414},
  issn =          {1996-1073},
}

@article{han2021analysis,
  author =        {Han, Weiji and Kersten, Anton and Zou, Changfu and
                   Wik, Torsten and Huang, Xiaoliang and
                   Dong, Guangzhong},
  journal =       {IEEE Transactions on Industrial Electronics},
  number =        {6},
  pages =         {5931--5941},
  publisher =     {IEEE},
  title =         {Analysis and estimation of the maximum switch current
                   during battery system reconfiguration},
  volume =        {69},
  year =          {2021},
}

@article{komsiyskaCriticalReviewIntelligent2021,
  author =        {Komsiyska, Lidiya and Buchberger, Tobias and
                   Diehl, Simon and Ehrensberger, Moritz and
                   Hanzl, Christian and Hartmann, Christoph and
                   H{\"o}lzle, Markus and Kleiner, Jan and
                   Lewerenz, Meinert and Liebhart, Bernhard and
                   Schmid, Michael and Schneider, Dominik and
                   Speer, Sascha and St{\"o}ttner, Julia and
                   Terbrack, Christoph and Hinterberger, Michael and
                   Endisch, Christian},
  journal =       {Energies},
  number =        {18},
  pages =         {5989},
  publisher =     {{MDPI}},
  title =         {Critical {{Review}} of {{Intelligent Battery
                   Systems}}: {{Challenges}}, {{Implementation}}, and
                   {{Potential}} for {{Electric Vehicles}}},
  volume =        {14},
  year =          {2021},
  doi =           {10.3390/en14185989},
  issn =          {1996-1073},
}

@inproceedings{coutoPartitionbasedUnscentedKalman2018a,
  author =        {Couto, Luis D. and Kinnaert, Michel},
  booktitle =     {2018 {{Annual American Control Conference}}
                   ({{ACC}})},
  month =         jun,
  pages =         {3122--3128},
  publisher =     {{IEEE}},
  title =         {Partition-Based {{Unscented Kalman Filter}} for
                   {{Reconfigurable Battery Pack State Estimation}}
                   Using an {{Electrochemical Model}}},
  year =          {2018},
  doi =           {10.23919/ACC.2018.8431508},
}

@inproceedings{kerstenOnlineOnBoardBattery2020a,
  author =        {Kersten, Anton and Kuder, Manuel and Han, Weiji and
                   Thiringer, Torbjorn and Lesnicar, Anton and
                   Weyh, Thomas and Eckerle, Richard},
  booktitle =     {{{IECON}} 2020 {{The}} 46th {{Annual Conference}} of
                   the {{IEEE Industrial Electronics Society}}},
  month =         oct,
  pages =         {1884--1891},
  publisher =     {{IEEE}},
  title =         {Online and {{On-Board Battery Impedance Estimation}}
                   of {{Battery Cells}}, {{Modules}} or {{Packs}} in a
                   {{Reconfigurable Battery System}} or {{Multilevel
                   Inverter}}},
  year =          {2020},
  doi =           {10.1109/IECON43393.2020.9254515},
}

@article{schmidActiveModelBasedFault2021a,
  author =        {Schmid, Michael and Gebauer, Emanuel and
                   Hanzl, Christian and Endisch, Christian},
  journal =       {IEEE Transactions on Power Electronics},
  month =         mar,
  number =        {3},
  pages =         {2584--2597},
  publisher =     {{IEEE}},
  title =         {Active {{Model-Based Fault Diagnosis}} in
                   {{Reconfigurable Battery Systems}}},
  volume =        {36},
  year =          {2021},
  doi =           {10.1109/TPEL.2020.3012964},
  issn =          {0885-8993},
}

@article{kacetlDesignAnalysisModular2023b,
  author =        {Kacetl, Jan and Fang, Jingyang and Kacetl, Tomas and
                   Tashakor, Nima and Goetz, Stefan},
  journal =       {IEEE Transactions on Power Electronics},
  month =         jan,
  number =        {1},
  pages =         {130--142},
  title =         {Design and {{Analysis}} of {{Modular Multilevel
                   Reconfigurable Battery Converters}} for {{Variable
                   Bus Voltage Powertrains}}},
  volume =        {38},
  year =          {2023},
  doi =           {10.1109/TPEL.2022.3179285},
  issn =          {0885-8993},
}

@article{yangAdaptiveControlFramework2022,
  author =        {Yang, Feng and Gao, Fei and Liu, Baochang and
                   Ci, Song},
  journal =       {IEEE Transactions on Industrial Electronics},
  month =         dec,
  number =        {12},
  pages =         {12980--12987},
  title =         {An {{Adaptive Control Framework}} for {{Dynamically
                   Reconfigurable Battery Systems Based}} on {{Deep
                   Reinforcement Learning}}},
  volume =        {69},
  year =          {2022},
  doi =           {10.1109/TIE.2022.3142406},
  issn =          {0278-0046},
}

@article{hanNearFastestBatteryBalancing2019a,
  author =        {Han, Weiji and Zou, Changfu and Zhang, Liang and
                   Ouyang, Quan and Wik, Torsten},
  journal =       {IEEE Transactions on Smart Grid},
  month =         nov,
  number =        {6},
  pages =         {6954--6964},
  title =         {Near-{{Fastest Battery Balancing}} by
                   {{Cell}}/{{Module Reconfiguration}}},
  volume =        {10},
  year =          {2019},
  doi =           {10.1109/TSG.2019.2915013},
  issn =          {1949-3053},
}

@article{liuFlexiblePathPlanningbased2023a,
  author =        {Liu, Xinghua and Chang, Guoyi and Tian, Jiaqiang and
                   Wei, Zhongbao and Zhang, Xu and Wang, Peng},
  journal =       {Journal of Energy Chemistry},
  month =         nov,
  pages =         {362--372},
  title =         {Flexible Path Planning-Based Reconfiguration Strategy
                   for Maximum Capacity Utilization of Battery Pack},
  volume =        {86},
  year =          {2023},
  doi =           {10.1016/j.jechem.2023.07.040},
  issn =          {2095-4956},
}

@article{chenSneakCircuitTheory2021,
  author =        {Chen, Si-Zhe and Wang, Yule and Zhang, Guidong and
                   Chang, Le and Zhang, Yun},
  journal =       {IEEE Transactions on Industrial Electronics},
  number =        {12},
  pages =         {12353--12363},
  title =         {Sneak {{Circuit Theory Based Approach}} to {{Avoiding
                   Short-Circuit Paths}} in {{Reconfigurable Battery
                   Systems}}},
  volume =        {68},
  year =          {2021},
  doi =           {10.1109/TIE.2020.3044805},
  issn =          {0278-0046},
}

@article{liuLongLifetimeBattery2022a,
  author =        {Liu, Kailong and Wei, Zhongbao and Zhang, Chenghui and
                   Shang, Yunlong and Teodorescu, Remus and
                   Han, Qing-Long},
  journal =       {IEEE/CAA Journal of Automatica Sinica},
  month =         jul,
  number =        {7},
  pages =         {1139--1165},
  title =         {Towards {{Long Lifetime Battery}}: {{AI-Based
                   Manufacturing}} and {{Management}}},
  volume =        {9},
  year =          {2022},
  doi =           {10.1109/JAS.2022.105599},
  issn =          {2329-9266},
}

@article{mollajafariEfficientLightweightAlgorithm2023,
  author =        {Mollajafari, Morteza},
  journal =       {Neural Computing and Applications},
  month =         aug,
  number =        {24},
  pages =         {18035--18057},
  title =         {An Efficient Lightweight Algorithm for Scheduling
                   Tasks onto Dynamically Reconfigurable Hardware Using
                   Graph-Oriented Simulated Annealing},
  volume =        {35},
  year =          {2023},
  doi =           {10.1007/s00521-023-08682-y},
  issn =          {0941-0643},
}

@inproceedings{heReconfigurationassistedChargingLargescale2014,
  author =        {He, Liang and Kong, Linghe and Lin, Siyu and
                   Ying, Shaodong and Gu, Yu and He, Tian and Liu, Cong},
  booktitle =     {2014 {{ACM}}/{{IEEE International Conference}} on
                   {{Cyber-Physical Systems}} ({{ICCPS}})},
  month =         apr,
  pages =         {60--71},
  publisher =     {{IEEE}},
  title =         {Reconfiguration-Assisted Charging in Large-Scale
                   {{Lithium-ion}} Battery Systems},
  year =          {2014},
  doi =           {10.1109/ICCPS.2014.6843711},
}

@inproceedings{pinterReviewControlAlgorithms2021a,
  author =        {Pinter, Zoltan Mark and Papageorgiou, Dimitrios and
                   Rohde, Gunnar and Marinelli, Mattia and
                   Traholt, Chresten},
  booktitle =     {2021 56th {{International Universities Power
                   Engineering Conference}} ({{UPEC}})},
  month =         aug,
  pages =         {1--6},
  title =         {Review of {{Control Algorithms}} for {{Reconfigurable
                   Battery Systems}} with an {{Industrial Example}}},
  year =          {2021},
  doi =           {10.1109/UPEC50034.2021.9548259},
}

@inproceedings{heExploringAdaptiveReconfiguration2013,
  author =        {He, Liang and Gu, Lipeng and Kong, Linghe and Gu, Yu and
                   Liu, Cong and He, Tian},
  booktitle =     {2013 {{IEEE}} 34th {{Real-Time Systems Symposium}}},
  month =         dec,
  pages =         {118--127},
  title =         {Exploring {{Adaptive Reconfiguration}} to {{Optimize
                   Energy Efficiency}} in {{Large-Scale Battery
                   Systems}}},
  year =          {2013},
  doi =           {10.1109/RTSS.2013.20},
}

@article{hongwenheStateofChargeEstimationLithiumIon2011,
  author =        {Hongwen He and Rui Xiong and Xiaowei Zhang and
                   Fengchun Sun and JinXin Fan},
  journal =       {IEEE Transactions on Vehicular Technology},
  month =         may,
  number =        {4},
  pages =         {1461--1469},
  title =         {State-of-{{Charge Estimation}} of the {{Lithium-Ion
                   Battery Using}} an {{Adaptive Extended Kalman Filter
                   Based}} on an {{Improved Thevenin Model}}},
  volume =        {60},
  year =          {2011},
  doi =           {10.1109/TVT.2011.2132812},
}

@article{mousavig.VariousBatteryModels2014,
  author =        {Mousavi G., S.M. and Nikdel, M.},
  journal =       {Renewable and Sustainable Energy Reviews},
  month =         apr,
  pages =         {477--485},
  title =         {Various Battery Models for Various Simulation Studies
                   and Applications},
  volume =        {32},
  year =          {2014},
  doi =           {10.1016/j.rser.2014.01.048},
}

@inproceedings{ciNovelDesignAdaptive2007,
  author =        {Ci, Song and Zhang, Jiucai and Sharif, Hamid and
                   Alahmad, Mahmoud},
  booktitle =     {{{IEEE GLOBECOM}} 2007-2007 {{IEEE Global
                   Telecommunications Conference}}},
  month =         nov,
  pages =         {1043--1047},
  title =         {A {{Novel Design}} of {{Adaptive Reconfigurable
                   Multicell Battery}} for {{Power-Aware Embedded
                   Networked Sensing Systems}}},
  year =          {2007},
  doi =           {10.1109/GLOCOM.2007.201},
}

@article{alahmadBatterySwitchArray2008,
  author =        {Alahmad, Mahmoud and Hess, Herb and
                   Mojarradi, Mohammad and West, William and
                   Whitacre, Jay},
  journal =       {Journal of Power Sources},
  month =         mar,
  number =        {2},
  pages =         {566--578},
  title =         {Battery Switch Array System with Application for
                   {{JPL}}'s Rechargeable Micro-Scale Batteries},
  volume =        {177},
  year =          {2008},
  doi =           {10.1016/j.jpowsour.2007.11.053},
}

@inproceedings{kimDependableEfficientScalable2010b,
  address =       {{New York, NY, USA}},
  author =        {Kim, Hahnsang and Shin, Kang G.},
  booktitle =     {Proceedings of the 1st {{ACM}}/{{IEEE International
                   Conference}} on {{Cyber-Physical Systems}}},
  month =         apr,
  pages =         {178--187},
  publisher =     {{Association for Computing Machinery}},
  series =        {{{ICCPS}} '10},
  title =         {Dependable, Efficient, Scalable Architecture for
                   Management of Large-Scale Batteries},
  year =          {2010},
  doi =           {10.1145/1795194.1795219},
}

@inproceedings{kimBalancedReconfigurationStorage2011a,
  author =        {Kim, Younghyun and Park, Sangyoung and Wang, Yanzhi and
                   Xie, Qing and Chang, Naehyuck and Poncino, Massimo and
                   Pedram, Massoud},
  booktitle =     {2011 {{IEEE}}/{{ACM International Conference}} on
                   {{Computer-Aided Design}} ({{ICCAD}})},
  month =         nov,
  pages =         {624--631},
  title =         {Balanced Reconfiguration of Storage Banks in a Hybrid
                   Electrical Energy Storage System},
  year =          {2011},
  doi =           {10.1109/ICCAD.2011.6105395},
}

@inproceedings{taesickimSeriesconnectedSelfreconfigurableMulticell2012a,
  author =        {Taesic Kim and Wei Qiao and Liyan Qu},
  booktitle =     {2012 {{Twenty-Seventh Annual IEEE Applied Power
                   Electronics Conference}} and {{Exposition}}
                   ({{APEC}})},
  month =         feb,
  pages =         {2259--2264},
  title =         {A Series-Connected Self-Reconfigurable Multicell
                   Battery Capable of Safe and Effective
                   Charging/Discharging and Balancing Operations},
  year =          {2012},
  doi =           {10.1109/APEC.2012.6166137},
}

@inproceedings{6843711,
  author =        {He, Liang and Kong, Linghe and Lin, Siyu and
                   Ying, Shaodong and Gu, Yu and He, Tian and Liu, Cong},
  booktitle =     {2014 {{ACM}}/{{IEEE International Conference}} on
                   {{Cyber-Physical Systems}} ({{ICCPS}})},
  month =         apr,
  pages =         {60--71},
  title =         {Reconfiguration-Assisted Charging in Large-Scale
                   {{Lithium-ion}} Battery Systems},
  year =          {2014},
  doi =           {10.1109/ICCPS.2014.6843711},
}

